<record><leader>00000cas a22000007a 4500</leader><controlfield tag="001">11638867</controlfield><controlfield tag="008">850130d18901898ohudn ne      0    0eng d</controlfield><datafield ind1=" " ind2=" " tag="010"><subfield code="a">sn 84028764 </subfield></datafield><datafield ind1=" " ind2=" " tag="040"><subfield code="a">NPY</subfield><subfield code="b">eng</subfield><subfield code="c">NPY</subfield><subfield code="d">ONP</subfield><subfield code="d">OCLCQ</subfield></datafield><datafield ind1=" " ind2=" " tag="042"><subfield code="a">msc</subfield></datafield><datafield ind1="0" ind2="0" tag="245"><subfield code="a">Dayton times.</subfield></datafield><datafield ind1="3" ind2="0" tag="246"><subfield code="a">Dayton daily times</subfield></datafield><datafield ind1=" " ind2=" " tag="260"><subfield code="a">[Dayton, Ohio :</subfield><subfield code="b">Huffman Pub. Co.],</subfield><subfield code="c">1890-1898.</subfield></datafield><datafield ind1=" " ind2=" " tag="300"><subfield code="a">v. :</subfield><subfield code="b">ill. ;</subfield><subfield code="c">57 cm.</subfield></datafield><datafield ind1=" " ind2=" " tag="310"><subfield code="a">Daily (except Sun.)</subfield></datafield><datafield ind1="0" ind2=" " tag="362"><subfield code="a">Vol. 26, no. 1 (Mar. 1, 1890)-v. 34, no. 317 (Jan. 1, 1898).</subfield></datafield><datafield ind1=" " ind2=" " tag="500"><subfield code="a">Published as: Dayton daily times, Aug. 2, 1897-Jan. 1, 1898.</subfield></datafield><datafield ind1=" " ind2=" " tag="500"><subfield code="a">"Democratic." Cf. Gutgesell, S. Guide to Ohio newspapers, 1974.</subfield></datafield><datafield ind1=" " ind2=" " tag="515"><subfield code="a">Numbering is irregular.</subfield></datafield><datafield ind1=" " ind2=" " tag="752"><subfield code="a">United States</subfield><subfield code="b">Ohio</subfield><subfield code="c">Montgomery</subfield><subfield code="d">Dayton.</subfield></datafield><datafield ind1="0" ind2=" " tag="775"><subfield code="a">Weekly times-news (Dayton, Ohio)</subfield><subfield code="w">(DLC)sn 88077246</subfield></datafield><datafield ind1="0" ind2="0" tag="780"><subfield code="t">Dayton daily Democrat</subfield><subfield code="w">(DLC)sn 84028687</subfield></datafield><datafield ind1="1" ind2=" " tag="029"><subfield code="a">AU@</subfield><subfield code="b">000025798677</subfield></datafield></record>